2725 4659
350 162 503 272 926
650 213 657 220 -
1142 159 1240 235 ¹1⁸.
1338 159 1403 233 L
1447 166 1482 232 1
1513 161 1584 238 V
1617 163 1650 230 1
1685 163 1723 230 1
1819 229 1828 234 ,
1931 193 1942 206 ·

667 386 896 462 dedit.
966 329 1223 505 magni
1259 399 1506 457 tamen
1544 382 1870 455 muneris
1918 407 2009 455 ea
2045 411 2332 456 summa
2369 385 2546 489 suit,

665 529 750 587 ut
781 536 920 614 per
959 509 1286 583 triduum
1323 528 1646 626 quatuor
1679 526 1755 583 et
1790 511 2272 610 septuaginta
2299 510 2545 584 homi-

661 663 803 713 nes
853 639 1277 740 pugnarint.

789 762 1080 824 XXXIV.
1144 750 1365 840 [Finis
1414 759 1603 840 hujus
1654 757 1805 819 anni
1858 758 2137 842 insignis
2188 757 2279 822 est
2331 778 2541 833 nova,

665 890 872 953 eaque
910 870 1125 966 magni
1161 868 1472 930 momenti
1509 869 1696 952 lege,
1743 888 1908 952 quae
1951 888 2085 927 non
2127 865 2275 927 sine
2316 866 2544 949 aliquo

246 951 367 1010 ι’*
385 949 635 1008 V’W‘f‘·
662 991 843 1039 motu
882 976 1241 1038 animorum
1282 977 1517 1059 agitata
1548 975 1876 1038 civitatem
1910 973 2246 1040 exercuit:
2287 973 2541 1032 Hacte-

659 1106 784 1147 nus
824 1083 1099 1146 feminas
1139 1105 1268 1146 non
1309 1084 1556 1157 minus,
1614 1103 1802 1166 quam
1838 1084 2061 1156 viros,
2105 1079 2187 1142 ad
2225 1078 2544 1140 haeredi-

656 1203 824 1255 tates
864 1188 1116 1251 admitti
1155 1189 1255 1270 jus
1295 1190 1532 1253 fuerat.
1617 1189 1774 1252 Inde
1819 1188 2057 1264 fiebat,
2115 1205 2185 1255 ut
2225 1185 2541 1250 illustris-

657 1297 965 1362 simarum
1013 1317 1210 1382 saepe
1258 1296 1651 1360 familiarum
1694 1298 1862 1360 bona
1901 1297 1968 1358 in
2010 1299 2256 1359 alienas
2295 1294 2540 1356 domos

655 1406 1313 1478 transfunderentur,
1356 1424 1591 1488 magno
1638 1425 1784 1468 cum
1823 1405 2230 1488 reipublicae
2266 1402 2539 1472 damno,

658 1511 844 1595 cujus
888 1510 1151 1576 interest
1192 1511 1519 1582 clarorum
1557 1513 1889 1580 nominum
1936 1511 2337 1574 haeredibus
2373 1530 2536 1591 sup-

653 1633 891 1704 petere
944 1641 1143 1704 opes,
1207 1620 1446 1705 quibus
1504 1620 1928 1706 splendorem
1982 1618 2285 1705 generis,
2358 1634 2531 1677 onus

653 1725 904 1810 alioqui
955 1728 1202 1811 magis,
1269 1749 1455 1815 quam
1516 1730 1758 1802 decus,
1828 1719 2027 1791 tutari
2066 1709 2147 1788 'et
2202 1731 2534 1787 exornare

651 1833 914 1919 poffint.
1014 1834 1272 1898 Deinde
1325 1837 1557 1911 etiam,
1628 1858 1823 1921 quum
1888 1833 2344 1898 crescentibus
2399 1829 2530 1911 jam

651 1939 920 2024 imperii
964 1942 1200 2025 opibus
1245 1959 1626 2007 crescerent
1673 1964 1939 2030 quoque
1974 1944 2384 2032 privatorum
2424 1936 2527 1996 di-

650 2045 891 2120 vitiae,
957 2062 1169 2112 metus
1222 2064 1400 2125 erat,
1466 2074 1549 2115 ne
1592 2054 1872 2139 pronior
1913 2065 2141 2113 natura
2184 2048 2254 2108 in
2298 2046 2523 2106 luxum

651 2166 720 2216 et
756 2153 1183 2238 elegantioris
1224 2158 1437 2221 cultus
1473 2159 1958 2224 affectationem
1996 2155 2340 2219 muliebris
2384 2154 2522 2238 ani-

646 2281 829 2334 mus,
889 2275 1115 2325 nactus
1156 2282 1238 2326 ex
1276 2262 1610 2330 affluentia
1652 2289 1847 2354 opum
1882 2251 2521 2351 cupiditatis‘irrita-

590 2399 597 2410 ·
646 2373 904 2444 menta,
973 2370 1040 2431 in
1088 2382 1382 2453 sumptus
1429 2371 1817 2437 immodicos
1862 2387 2058 2458 atque
2095 2373 2160 2433 in
2196 2370 2525 2431 luxuriam

647 2476 1142 2561 prolaberetur,
1186 2497 1262 2541 ac
1300 2477 1541 2544 deinde
1586 2507 1620 2546 a
1658 2482 1878 2568 prisca
1911 2479 2178 2543 fortall'e
2209 2476 2522 2540 sanctita·-

644 2594 717 2644 te
766 2582 1211 2660 descisceret,
1278 2608 1403 2651 nec
1453 2590 1669 2672 mjnor
1717 2586 1910 2652 ficret
1958 2607 2253 2660 morum,
2322 2602 2534 2669 quam,

646 2690 893 2764 cultus,
940 2694 1232 2756 mutatio.
1320 2695 1444 2758 His
1488 2694 1920 2761 incommodis
1961 2692 2218 2756 obviam
2258 2691 2364 2751 ire
2401 2687 2520 2751 fia-

645 2797 771 2861 tuit
811 2797 892 2894 Q.
929 2799 1267 2863 Voconius
1307 2802 1470 2866 Saxa
1494 2846 1511 2880 ,
1571 2804 1876 2886 tribunus
1917 2801 2170 2887 plebis,
2211 2797 2517 2882 ,tulitque

231 2890 611 3029 vgff'g'gn
648 2905 731 2968 ad
761 2904 1115 2992 populum3
1163 2905 1256 2967 Ne
1286 2913 1448 2989 quis,
1490 2915 1588 2992 qui
1616 2912 1729 2994 post
1762 2915 1835 2978 Α.
1861 2909 2217 2989 Postumium,
2261 2905 2351 2990 Q
2373 2902 2515 2966 Ful-

230 3030 377 3102 Dio‚
398 2998 454 3084 ⁹1.
480 2996 606 3088 ὃὸ..
645 3020 795 3108 ξ’ίιυη
826 3014 1070 3095 austres
1105 3011 1292 3096 cenfics
1323 3013 1451 3097 effet
1473 3060 1491 3093 ,
1549 3017 1832 3080 haeredem
1861 3022 2164 3099 virginem,
2220 3035 2362 3073 neve
2395 3033 2518 3074 mu-

644 3121 834 3182 lierem
850 3120 1070 3203 fizceret
1086 3144 1106 3182 .·
1147 3143 1278 3184 neve
1309 3103 1417 3184 ulli
1449 3129 1694 3209 virgini,
1739 3123 1830 3186 vel
1856 3123 2111 3197 mulieri,
2152 3120 2294 3181 bona
2323 3120 2516 3200 cujus-

284 3278 329 3342 “,
399 3270 1116 3356 Ouarna-eeffepmaginta
1144 3251 1414 3327 hominen
1449 3273 1802 3350 Liviumque
1840 3274 1903 3330 in
1943 3272 2068 3340 eius
2107 3265 2224 3325 fine
2262 3266 2337 3353 de
2380 3268 2512 3343 lege

362 3348 647 3413 agnarum]
700 3340 931 3396 Livium
973 3343 1085 3395 hoc
1116 3341 1278 3396 libro
1307 3342 1382 3396 de
1452 3343 1959 3416 Voconiaegiss‘e.
1998 3340 2196 3397 Obstat
2227 3340 2364 3394 huic
2388 3357 2514 3396 sen·

347 3426 454 3485 ege
505 3410 774 3464 Voconia
821 3410 1029 3483 egiss'e,
1083 3411 1384 3483 colligitur
1452 3416 1672 3468 tentiae
1723 3411 2049 3467 auctoritas
2102 3411 2227 3464 Cic.
2285 3409 2388 3481 qui
2440 3407 2512 3462 de

264 3517 267 3524 »
320 3496 393 3534 ex
428 3486 669 3538 auctore
707 3478 1032 3548 Epitomes.
1097 3481 1238 3534 Eam
1280 3497 1379 3534 au·
1453 3482 1762 3539 Seneet.5.
1784 3498 1908 3534 eam
1931 3477 2344 3552 quinquennio
2367 3478 2509 3550 post,

317 3558 440 3603 tem
469 3546 646 3630 latam
680 3547 1150 3670 efleotfostfluam
1180 3551 1251 3602 A·
1276 3551 1381 3603 Po·
1454 3550 1757 3633 Qaepione
1791 3560 1848 3603 ct
1885 3548 2160 3631 Pliilippo
2194 3564 2263 3598 n.
2298 3563 2510 3600 eonsu-

318 3618 560 3672 stumius
604 3624 664 3668 et
701 3617 774 3690 Q.
865 3615 1057 3671 ulvnus
1105 3633 1386 3672 censores
1451 3618 1634 3685 libus,
1668 3620 1841 3673 latam
1872 3615 2036 3671 dtctt.
2087 3618 2156 3670 At
2190 3615 2513 3686 respondet

320 3683 510 3740 creati
544 3683 749 3750 circat,
780 3695 942 3758 patet
974 3702 1043 3739 ex
1073 3685 1204 3741 Cic.
1233 3708 1284 3743 1.
1322 3686 1386 3740 in
1457 3690 1653 3761 primo
1676 3720 1697 3752 ‚
1747 3706 1868 3741 non
1913 3688 2125 3738 mirum
2163 3681 2315 3747 effe,
2366 3683 2514 3738 duos

320 3756 502 3809 Verr.
530 3755 619 3819 41.
665 3769 734 3806 ex
765 3770 882 3825 quo
922 3751 1138 3809 constat
1177 3770 1384 3808 eorum
1458 3758 1785 3829 scriptores
1809 3756 2037 3825 aliquot
2069 3768 2252 3806 annos
2279 3751 2434 3805 inter
2457 3768 2520 3806 se

321 3821 388 3877 in
439 3821 543 3875 illa
582 3820 717 3895 lege
766 3821 1123 3877 mentionem
1173 3822 1386 3877 factam
1457 3823 1530 3879 de
1559 3824 1762 3879 eadem
1783 3841 1853 3879 re
1884 3824 2252 3895 discrepare.
2291 3820 2519 3875 Deinde

322 3892 460 3956 ell'e.
497 3889 570 3944 Hi
591 3902 786 3945 autem
808 3889 1038 3946 demum
1063 3892 1248 3945 creati
1271 3910 1385 3946 me·
1458 3895 1825 3967 suspicatur,
1853 3894 2013 3947 ‘ideo
2049 3889 2282 3945 Lm‘mm
2323 3900 2381 3942 et
2423 3891 2517 3946 Ci-
2549 3880 2554 3885 ’

320 3969 636 4030 morantur
666 3978 798 4043 cap.
828 3977 1026 4033 praec.
1064 3961 1213 4013 Hine
1240 3961 1388 4015 Cre-
1456 3979 1735 4017 cei-onem
1768 3962 1924 4022 circa
1965 3977 2182 4014 annum
2219 3958 2366 4028 legis
2399 3962 2517 4013 Vo-

321 4027 553 4082 vicrius
586 4028 902 4096 existimat,
957 4029 1180 4083 librum
1226 4029 1385 4083 hunc
1455 4032 1666 4085 coniae
1697 4031 2027 4094 diffentire,
2066 4028 2205 4102 quia
2244 4027 2511 4081 diffense-
2591 4063 2600 4070 -

325 4106 585 4153 extrema
614 4100 707 4155 sui
739 4109 911 4172 parte
944 4098 1213 4155 mutilum
1249 4099 1386 4169 effe,
1452 4110 1596 4157 runt
1626 4100 1790 4156 circa
1823 4109 2076 4216 agtgtem
2105 4098 2376 4165 Catonis,
2412 4095 2510 4170 qui

1969 4209 2092 4318 *X
2161 4235 2174 4242 ,

2073 4369 2082 4380 0

2187 4436 2196 4448 ἱ
