2725 4659
354 209 529 308 8ηἱ
1080 265 1089 270 -
1152 214 1249 290 Τ.
1347 209 1743 300 Ltvss

672 440 843 516 bile,
906 457 972 506 et
1016 440 1258 505 frontis
1298 462 1373 503 ac
1411 436 1752 525 supercilii
1803 436 2040 498 decora
2085 453 2383 501 maturae
2429 440 2546 523 jam

676 526 871 587 aetati
901 522 1210 606 majestas.
1296 523 1472 585 Nihil
1509 523 1575 582 in
1613 540 1691 582 eo
1725 534 2033 603 paternae
2063 523 2412 595 lasciviae,
2456 521 2548 583 ef-

675 605 990 691 fusaeque
1029 607 1097 667 in
1124 605 1450 670 Venerem
1492 619 1557 666 et
1598 605 1745 665 vina
1780 601 2130 664 libidinis.-
2170 604 2299 664 His
2347 604 2548 664 laudi-

676 687 799 750 bus
832 691 1123 751 Perseus
1156 687 1342 748 initia
1379 685 1783 770 principatus
1820 681 2336 760 commendabat,
2387 684 2547 746 baud

677 789 871 854 pares
907 769 1187 850 inceptis
1222 767 1519 830 habitura
1555 767 1789 829 exitus.

306 855 531 980 Gracc-r·
559 876 646 913 res
768 851 964 930 (ΙΙΙ.)
1010 854 1370 933 Antequam
1401 863 1740 944 praetores
1772 847 1843 920 ii,
1889 848 2002 931 qui
2025 847 2390 932 Hispanias
2420 868 2551 909 sor-

273 931 445 1010 gestat
498 946 532 980 θ·
564 928 665 980 Hs·
690 934 794 997 titi
820 934 1097 1004 fuerant,
1141 933 1209 993 in
1282 932 1608 993 rovincias
1641 929 1963 1002 venirent,
2016 951 2287 1013 magnae
2317 950 2436 990 res
2468 930 2551 991 ibi

273 1012 495 1098 'fimf‘
692 1013 897 1099 gestae
953 1026 1104 1080 suut
1150 1036 1184 1075 a
1274 1011 1543 1076 ostumio
1581 1025 1647 1072 et
1679 1011 1999 1073 Graccho.
2087 1012 2222 1073 Sed
2266 1011 2551 1074 Gracchi

371 1084 625 1141 D¹0d⁰¹’·
692 1097 1040 1181 praecipua
1074 1096 1210 1158 laus
1245 1095 1409 1170 fuit,
1457 1095 1568 1192 qui
1607 1105 1815 1154 aetate
1848 1092 2092 1154 florens
2116 1136 2134 1166 ‚
2179 1114 2389 1178 quum
2425 1094 2550 1153 vir-

277 1151 436 1225 ³P¹²d
462 1154 664 1210 Vde&
692 1193 830 1242 tute
858 1178 1055 1240 animi
1085 1191 1150 1239 et
1180 1178 1528 1260 prudentia
1558 1175 1859 1258 aequales
1898 1195 2120 1236 omnes
2145 1177 2426 1236 multum
2453 1196 2552 1234 an-

321 1323 330 1331 ,
692 1262 910 1334 teiret,
956 1273 1022 1321 et
1043 1260 1292 1340 ingenti
1320 1258 1440 1336 jam
1465 1273 1600 1320 tum
1627 1257 1791 1318 fama
1815 1258 2292 1330 celebrabatur,
2341 1269 2411 1318 et
2433 1277 2554 1316 ma-

345 1335 607 1409 Appian.
689 1342 897 1425 joram
935 1343 1002 1402 in
1033 1341 1322 1401 futurum
1361 1338 1445 1402 de
1483 1360 1553 1401 se
1590 1359 1773 1422 spem
1818 1340 2201 1401 concitabat.
2280 1338 2552 1400 Carabin

327 1403 499 1464 3³²¹·
690 1424 920 1486 urbem
957 1423 1196 1485 sociam
1234 1424 1668 1493 Romanorum
1701 1420 1935 1504 viginti
1963 1422 2164 1482 millia
2186 1420 2555 1482 Celtibero-

689 1526 833 1567 rum
863 1503 1338 1599 oppugnabant.
1391 1503 1726 1598 Gracchus
1764 1503 1842 1564 ad
1881 1511 2069 1585 opem
2101 1503 2311 1564 sociis
2336 1503 2554 1564 feren-

693 1586 838 1649 dam
862 1599 1264 1670 properavit.
1351 1585 1466 1645 Illa
1507 1583 1883 1646 sollicitudo
1918 1606 1993 1644 an
2045 1584 2231 1655 ebat,
2283 1603 2555 1667 quonam

689 1668 886 1729 modo
924 1666 1270 1728 consilium
1308 1685 1490 1727 suum
1524 1667 1799 1728 obsess'is
1835 1666 2006 1748 signi
2061 1679 2268 1738 caret,
2301 1680 2434 1725 tam
2464 1685 2555 1725 ar-

688 1763 791 1810 cta
831 1748 1174 1810 obsidione
1210 1748 1662 1832 prementibus
1697 1747 1924 1807 urbem
1964 1746 2256 1809 hostibus
2280 1790 2298 1818 ‚
2347 1761 2422 1808 ut
2454 1746 2552 1809 vix

688 1850 772 1892 eo
799 1830 1073 1892 nuncius
1108 1848 1471 1891 commeare
1504 1830 1680 1926 poss'e
1714 1828 2074 1891 videretur.
2120 1827 2429 1890 Arduum
2448 1847 2546 1889 ne·

690 1913 939 1996 gotium
973 1911 1305 1995 expedivit
1341 1911 1624 1973 Cominii
1663 1909 1942 1976 audacia.
1987 1912 2396 1994 Isequitum
2428 1925 2539 1971 tur·

687 2013 835 2063 mae>
853 1994 1243 2077 praefectus,
1274 2013 1350 2055 re
1378 1995 1560 2077 prius
1593 1992 1760 2076 apud
1784 2014 1853 2054 se
1881 2011 2227 2076 perpensa,
2263 2007 2339 2054 et
2363 1995 2541 2055 Grac·

691 2076 836 2150 ch0‚
876 2075 1032 2160 quid
1067 2089 1344 2158 pararet,
1386 2075 1738 2147 admonito,
1779 2075 2137 2159 Hispanico
2163 2074 2441 2137 indutus
2466 2094 2547 2133 sa-

690 2175 776 2241 go
800 2200 816 2228 ‚
858 2157 1341 2240 pabulatoribus
1386 2154 1656 2219 bostium
1691 2176 1762 2218 se
1795 2157 2172 2218 immiscuit.
2260 2158 2431 2217 Cum
2463 2154 2550 2214 his

690 2237 890 2300 castra
923 2239 1276 2321 ingressus,
1340 2239 1493 2300 hinc
1541 2258 1739 2300 cursu
1788 2238 1867 2299 ad
1910 2239 2138 2302 urbem
2180 2236 2547 2308 contendit,
2681 2289 2682 2310 2

691 2321 1082 2404 nunciatque
1120 2319 1469 2383 adventare
1500 2320 1857 2384 Tiberium.
1921 2319 2256 2405 Oppidani
2300 2340 2384 2380 ex
2415 2318 2554 2380 ulti·
2618 2369 2622 2373 .

616 2437 639 2460 ι.
690 2419 793 2464 ma
824 2401 1282 2484 desperatione
1319 2402 1399 2464 ad
1429 2402 1822 2464 alacritatem
1856 2416 2046 2486 atque
2079 2401 2417 2462 audaciam
2441 2401 2559 2461 hoc

689 2484 933 2545 nuncio
976 2483 1276 2557 excitati,
1326 2477 1688 2548 obfirmatis
1739 2483 1818 2545 ad
1871 2484 2138 2545 fortiter
2187 2504 2262 2546 re
2316 2502 2560 2566 ugnan-

692 2564 846 2625 dum
880 2565 1145 2636 animis,
1193 2564 1300 2628 die
1337 2566 1538 2628 tertio
1562 2608 1576 2637 ‚
1625 2566 1901 2628 adventu
1936 2564 2213 2626 Gracchi
2302 2562 2563 2646 igress'is

351 2675 371 2709 ,ι
694 2644 1003 2717 hostibus,
1021 2643 1377 2720 obsidione
1410 2646 1696 2731 exempti
1726 2661 1894 2710 sunt.
1951 2650 2095 2731 lpse
2117 2644 2340 2744 postea
2362 2646 2565 2707 Grac-

568 2732 583 2740 ”
695 2726 860 2788 chus
895 2726 1124 2788 fraude
1160 2728 1581 2790 barbarorum
1610 2750 1642 2788 a
1694 2731 1957 2813 petitus,
2050 2729 2370 2791 ericulum
2402 2725 2564 2786 viri-

696 2807 819 2869 bus
859 2819 996 2868 arte
1038 2809 1270 2888 adjutis
1311 2812 1401 2872 ita
1432 2810 1618 2873 discu
1671 2826 1759 2882 it,
1818 2824 1887 2872 ut
1922 2809 2005 2870 do
2035 2832 2110 2870 us
2155 2811 2225 2869 in
2257 2821 2562 2870 auctores

695 2902 1009 2951 verteret.
1102 2893 1255 2951 Com
1308 2894 1451 2974 lega
1510 2905 1651 2954 erat
1701 2893 1857 2953 urbs
1907 2890 2153 2975 aliquot
2193 2904 2345 2951 ante
2380 2890 2561 2950 annis

696 2971 980 3040 condita,
1028 2971 1146 3033 sed
1183 2993 1256 3033 va
1285 2972 1392 3034 ida
1431 2975 1636 3035 muris
1676 2979 1742 3035 et
1774 2973 2096 3051 celeribus
2134 2970 2560 3033 incrementis

698 3067 902 3124 aucta,
949 3052 1016 3112 in
1049 3071 1238 3137 quam
1262 3054 1447 3116 multi
1465 3056 1589 3116 His
1639 3075 1906 3117 anorum
1931 3067 2428 3126 concurrerant,
2457 3048 2561 3134 qui

672 3136 883 3218 prius
920 3150 1189 3218 egentes
1227 3157 1383 3219 agro
1410 3136 1536 3198 huc
1562 3075 1718 3197 iiiuc
1748 3136 1974 3219 vagari·
1997 3137 2426 3218 cogebantur.
2469 3135 2556 3193 Ex

696 3235 776 3276 ea
810 3216 973 3277 urbe
1010 3219 1410 3299 prodeuntes
1442 3218 1521 3279 ad
1545 3218 1783 3301 viginti
1800 3218 2133 3278 hominum
2151 3215 2381 3288 millia,
2416 3235 2554 3296 sup·

648 3361 653 3378 Ι
697 3296 943 3380 plicam
976 3298 1218 3371 habitu,
1249 3319 1596 3384 ramosque
1621 3301 1805 3360 oleae
1823 3300 2268 3384 porrigentes,
2309 3298 2384 3357 in
2414 3314 2557 3356 con·

602 3381 607 3386 ’
694 3388 931 3459 spectu
972 3378 1316 3441 castrorum
1374 3395 1668 3466 tanquam
1709 3400 1933 3464 pacem
1971 3379 2218 3441 oraturi
2263 3376 2559 3439 constite-

698 3473 871 3522 runt.
931 3464 1104 3532 Mox,
1151 3462 1420 3541 abjectis
1457 3462 1856 3545 precantium
1890 3461 2282 3546 insignibus,
2332 3477 2417 3521 ex
2445 3458 2575 3517 im·'

698 3541 971 3622 proviso
1002 3544 1278 3626 aggress'i
1303 3549 1906 3627 Romanospavore
1940 3562 2014 3604 ac
2039 3543 2316 3604 tumultu
2351 3537 2560 3601 omnia

692 3622 1215 3705 compleverunt.
1263 3626 1598 3690 Gracchus
1625 3626 1903 3708 sapienti
1925 3624 2202 3687 consilio
2223 3618 2426 3684 castra
2493 3635 2561 3679 er

704 3702 1178 3767 simulationem
1214 3707 1408 3792 fugae
1449 3708 1782 3807 deseruit:
1840 3726 2002 3789 quae
2043 3701 2142 3767 illi
2173 3698 2338 3766 'dum‘
2376 3719 2451 3765 so
2479 3702 2559 3760 ita

696 3782 995 3846 ⁴barbaris
1037 3790 1343 3852 aviditate
1379 3787 1507 3851 diri
1555 3791 1733 3863 iunt',
1781 3805 2059 3886 seseque
2096 3785 2338 3929 praeda
2372 3800 2557 3870 prae·

696 3865 1008 3949 Pedium,
1068 3887 1381 3934 reversus
1429 3891 1501 3933 su
1550 3875 1641 3932 ito
1665 3912 1684 3943 ‚
1740 3885 1806 3934 et
1842 3871 2004 3932 nihil
2038 3885 2100 3931 ta
2129 3890 2167 3930 e
2199 3869 2592 3930 metuentes'

604 3965 633 4026 κ’
703 3948 1003 4023 adortus«,
1097 3952 1371 4016 lurimos
1415 3953 1688 4024 cecidit,
1750 3965 1942 4050 atque
1985 3953 2177 4013 etiam
2213 3952 2356 4036 ipsa
2393 3948 2550 4011 urhe

335 4037 606 4094 Frontin.
700 4031 949 4114 potitus
989 4052 1024 4092 e
1081 4045 1137 4091 .'-·
1186 4036 1382 4109 Sunt,
1447 4038 1556 4122 qui
1595 4053 1732 4096 rem
1771 4035 1963 4104 aliter
1997 4048 2299 4097 narrent:
2337 4036 2550 4097 (ἰησ-

280 4103 604 4196 &unffi-252
621 4105 890 4178 fficium
913 4145 951 4189 ‚-
994 4117 1192 4199 quum
1229 4118 1652 4203 comporiss'et
1681 4115 1923 4188 hostem
1965 4117 2204 4205 inopia·
2218 4113 2546 4182 laborare,
