2725 4659
568 608 687 698 T.
774 593 1304 703 L1v1'1
1417 587 2402 698 PAT·'AV.1N1

672 805 963 880 mmm
1014 804 1849 904 quantuor-,smus
1900 802 2293 875 ramus,

505 1172 542 1265 [
560 1181 684 1262 (Ι.)
726 1183 863 1248 Jam
894 1183 1017 1267 p'er
1044 1203 1268 1248 omues
1304 1184 1485 1248 orbis
1523 1196 1843 1247 terrarum
1873 1196 2094 1267 partes
2132 1178 2445 1245 victricia
2474 1200 2591 1264 po·

401 1268 594 1349 pulus
635 1266 960 1326 Romanus
1008 1266 1499 1327 circumtulerat
1546 1287 1753 1340 arma,
1820 1266 2194 1347 diffitasque
2237 1262 2486 1346 procul
2528 1275 2592 1324 et

404 1348 726 1429 sejunctas
758 1367 891 1407 non
925 1365 1055 1407 uno
1094 1348 1254 1409 mari
1289 1348 1596 1431 regiones
1641 1349 1836 1432 longe
1873 1350 2130 1429 lateque
2172 1357 2586 1429 pervaserat.

403 1429 573 1501 Sed,
641 1428 709 1487 in
754 1441 923 1489 tanta
964 1426 1299 1491 fluentium
1340 1450 1421 1491 ex
1461 1442 1611 1492 voto
1651 1452 1873 1492 rerum
1916 1427 2234 1490 felicitate
2281 1424 2587 1486 modera-

397 1509 599 1572 tionis
640 1523 849 1570 tamen
887 1507 1158 1593 adeptus
1191 1511 1479 1583 laudem,
1525 1513 1905 1575 auctoritate
1942 1531 2040 1570 ma
2090 1510 2185 1582 is,
2234 1528 2432 1593 quam
2470 1508 2586 1568 im-

396 1593 621 1674 perio,
681 1590 1000 1686 pollebat:
1071 1607 1137 1655 et
1191 1593 1359 1678 apud
1414 1606 1667 1655 exteras
1728 1608 1957 1678 gentes
2010 1613 2201 1675 pura
2258 1590 2580 1664 consilio,

394 1691 584 1754 quam
635 1692 701 1734 vi
753 1685 819 1733 et
867 1685 1162 1747 terrore,
1226 1681 1464 1758 gerere
1514 1695 1585 1736 ae
1639 1676 2060 1760 gloriabatur.
2146 1677 2218 1735 ln
2280 1670 2582 1733 devictos

392 1773 481 1835 po
534 1754 673 1815 ulos
707 1773 1030 1838 regesque
1067 1776 1194 1817 non
1233 1755 1540 1828 acerbus,
1584 1756 1924 1819 munificus
1966 1775 2120 1838 erga
2156 1754 2411 1825 socios,
2456 1753 2574 1813 sibi

394 1853 469 1894 so
502 1856 604 1894 um
638 1833 954 1897 victoriae
996 1835 1195 1899 decus
1233 1852 1581 1922 appetens,
1646 1838 2129 1922 suam-regibus
2165 1832 2564 1916 majestatem,

390 1916 688 1999 populis,
747 1918 855 1978 vel
903 1918 968 1977 in
1023 1940 1266 2002 aequo,
1332 1919 1679 1981 vel-etiam
1724 1921 1791 1982 in
1836 1919 2068 2003 impari
2104 1917 2393 1982 foedere
2431 1935 2558 1976 suas

390 2009 609 2057 tamen
638 1997 847 2080 leges,
881 2021 990 2061 sua
1024 1998 1162 2080 jura
1193 2000 1694 2085 libertatemque
1731 2014 2135 2066 servaverat:
2181 2014 2389 2082 atque
2423 1995 2565 2058 adeo

390 2080 589 2140 armis
626 2092 963 2164 utramque
1000 2083 1195 2143 maris
1227 2083 1694 2145 mediterranei
1728 2103 1909 2146 oram
1943 2105 1978 2143 a
2013 2081 2312 2145 Gadibus
2352 2079 2434 2141 ad
2468 2080 2569 2156 Sy·

390 2158 557 2220 riam
603 2179 811 2256 usque
853 2165 1225 2247 complexus
1247 2208 1263 2236 ‚
1328 2179 1396 2226 et
1430 2185 1554 2249 per
1585 2164 1935 2228 immensos
1973 2178 2299 2225 terrarum
2335 2173 2567 2223 tractus

390 2255 765 2303 reverentia
799 2244 1044 2306 nomini
1080 2248 1370 2309 Romano
1419 2247 1794 2320 conciliata,
1856 2245 2183 2327 subjectos
2220 2258 2444 2305 tamen
2480 2241 2569 2302 di-

388 2321 558 2384 tioni
595 2323 772 2386 solos
804 2324 1079 2390 habebat
1111 2327 1396 2401 Siciliae,
1442 2341 1512 2391 et
1545 2328 2097 2407 circumjectarum
2131 2325 2363 2390 Italiae
2401 2323 2568 2386 insu·
2675 2377 2676 2392 ,

387 2400 635 2477 larum,
683 2420 750 2468 et
782 2407 1133 2493 pleraeque
1166 2410 1558 2494 Hispaniae,
1621 2410 1842 2494 jugum
1878 2425 2091 2472 tamen
2130 2407 2428 2470 nondum
2466 2404 2573 2465 do·
2675 2411 2676 2422 ¹

391 2485 505 2550 cili
536 2486 822 2550 ,ferentis
858 2492 1139 2564 cervice,
1185 2492 1484 2574 populos.
1567 2492 1919 2575 Augendae
1959 2489 2394 2553 dominationi
2432 2507 2573 2549 cau-

392 2585 527 2625 sam
566 2570 1029 2654 materiamque
1058 2572 1361 2659 praebuit
1395 2573 1612 2656 potius
1655 2574 2014 2636 inconsulta
2050 2570 2330 2633 hostium
2370 2583 2436 2631 et
2473 2587 2573 2629 ae·-
2673 2629 2674 2636 ,

389 2647 711 2708 mulorum
748 2653 1053 2734 pravitas,
1102 2675 1288 2737 quam
1331 2653 1541 2737 ipsius
1576 2654 1866 2718 ambitio.
1949 2653 2184 2717 Persei
2220 2653 2290 2713 in
2319 2651 2568 2737 primis,

389 2728 809 2792 Macedoniae
852 2753 1118 2815 regnum
1159 2753 1279 2818 per
1315 2734 1613 2797 fraudem
1654 2757 1726 2799 ac
1770 2739 1984 2799 scelus
2023 2733 2279 2819 adepti,
2344 2732 2569 2794 crude·

392 2807 541 2871 litas
585 2811 654 2871 in
697 2815 1047 2907 populares
1090 2815 1388 2877 omnibus
1431 2816 1677 2893 invisa,
1737 2840 1972 2881 vesana
2010 2818 2185 2880 inter
2225 2816 2565 2876 immensas

392 2909 553 2973 opes
593 2894 897 2967 avaritia,
961 2896 1441 2959 inconsiderata
1493 2899 1562 2959 in
1616 2921 1686 2962 ca
1739 2901 1950 2978 iendis
1991 2896 2566 2981 exsequendisque

391 2973 688 3035 consiliis
752 2975 1015 3050 levitas,
1079 2992 1143 3039 et
1200 2977 1382 3039 illum
1430 2981 1672 3062 peffum
1724 2982 1978 3056 edere,¹
2024 2995 2091 3043 et
2148 2994 2561 3063 quaecunque

388 3049 588 3116 stante
638 3054 763 3118 hoc
814 3059 1035 3141 praeci
1085 3080 1168 3121 uo
1208 3062 1530 3124 Romanae
1580 3065 1908 3147 potentiae
1954 3064 2133 3126 velut
2173 3061 2372 3120 freno
2415 3057 2557 3120 stare

387 3135 712 3216 poteraut.
792 3140 1023 3201 Redun
1073 3142 1203 3204 avit
1242 3144 1416 3218 enim
1458 3143 1525 3204 in
1562 3145 1728 3207 alios
1767 3145 1906 3223 ejus
1945 3165 2167 3215 casus,
2211 3160 2339 3202 nec
2373 3138 2550 3200 finiti·

388 3233 642 3310 morum
675 3232 941 3296 tantum,
987 3217 1104 3285 sed
1133 3243 1357 3285 eorum
1387 3221 1624 3300 etiam,v
1652 3227 1764 3310 qui
1793 3226 2056 3310 longius
2090 3221 2329 3300 remoti
2366 3233 2550 3291 erant,

386 3314 638 3358 rumam
691 3302 904 3364 traxit.
1001 3304 1427 3367 Macedonum
1460 3309 1749 3370 ‘exitium
1807 3321 2027 3370 secuta
2083 3325 2223 3366 cum
2289 3302 2555 3365 Achaeis

391 3376 747 3470 Carthagoz
805 3397 1032 3469 atque,
1097 3385 1327 3447 horum
1366 3387 1656 3451 cladibus
1700 3390 2013 3452 convulso
2055 3385 2339 3448 omnium
2381 3383 2559 3453 statu,

389 3456 642 3553 rehqua
681 3461 801 3537 jam
834 3464 1145 3551 imperia,
1191 3467 1584 3552 aliquamdiu
1619 3470 1928 3545 obnoxia,
1975 3467 2111 3553 post
2137 3468 2342 3551 ¹paulo
2380 3487 2557 3530 ever-

394 3557 497 3614 sa,
548 3561 625 3637 m·
648 3543 1002 3609 Romanum
1042 3549 1386 3633 imperium
1424 3565 1653 3616 cuncta
1694 3551 2037 3613 cefferunt.
2122 3553 2338 3631 Atque
2380 3546 2551 3618 haec,

390 3632 467 3682 ut
501 3619 667 3684 locls
699 3630 1100 3711 temporibus
1150 3651 1231 3692 ue
1271 3628 1569 3705 diversa,
1623 3634 1711 3695 ita
1748 3654 1824 3694 re
1857 3631 2192 3710 conjuncta
2214 3672 2230 3703 ,
2277 3630 2400 3692 sub
2434 3646 2554 3689 uno

390 3721 460 3762 as
511 3717 658 3765 ectu
691 3703 799 3766 hic
882 3730 1083 3772 onere
1141 3712 1346 3785 ibuit,
1392 3713 1672 3775 intuenti
1707 3715 2047 3798 imminens
2075 3733 2224 3773 mox
2250 3711 2549 3773 Romanis

388 3803 426 3843 a
508 3804 697 3847 erseo
725 3786 832 3849 bel
862 3812 986 3860 um,
1029 3792 1202 3854 unde
1234 3794 1486 3855 initium
1518 3797 1787 3857 maxime
1819 3793 2161 3857 crescendi
2191 3812 2303 3854 res
2326 3796 2547 3854 Roma·

387 3883 510 3925 nae
552 3887 627 3928 ce
677 3888 811 3931 ere.
868 3873 1033 3933 Illud
1065 3873 1307 3936 bellum
1340 3890 1489 3937 tunc
1526 3877 1848 3960 coquebat
1883 3875 2203 3938 occultum
2234 3875 2544 3936 Perseus:

386 3944 770 4093 latctgl'tiraut
796 3954 998 4036 magis
1017 3996 1034 4030 ‚
1082 3975 1270 4038 quam
1300 3959 1712 4034 exercebant,
1756 3962 2041 4031 Romana
2078 3977 2250 4019 arma
2280 3957 2541 4040 Ligures

391 4047 429 4088 e
564 4050 597 4092 a
652 4052 696 4095 1.
