2725 4659
375 194 525 283 238
572 231 581 235 ·

1076 237 1083 246 ,
1181 185 1271 253 Ἕ.
1334 179 1713 255 ’ῙιΙἿΙΙ

367 422 628 522 periore
670 418 809 495 loco
865 413 1213 489 mitterent
1234 461 1262 499 ,
1324 402 1444 482 sed
1468 422 1752 505 corpora
1784 430 1903 483 sua
1951 404 2142 498 nuda
2165 385 2557 514 injicerent,

301 554 350 649 4
376 545 648 623 obruere
671 563 787 624 nos
808 528 1188 641 potuerunt.
1261 529 1458 641 Qid
1485 534 1697 634 igitur
1728 529 1965 609 incidit
1988 532 2031 609 ‚P
2086 533 2359 631 Magna
2381 528 2561 627 fhr-

375 688 547 752 tuna
578 662 812 767 populi
857 662 1148 739 Romani
1172 659 1283 757 est,
1312 681 1650 760 magnum
1679 676 1746 734 et
1767 657 2071 735 terribile
2104 678 2361 731 nomen.
2414 655 2565 730 Re-

377 794 552 870 centi
584 783 819 868 *ruina*
850 782 1295 874 Hannibalis,
1352 779 1697 884 Philippi,
1746 779 2133 873 Antiochi,
2176 794 2388 881 prope
2435 774 2578 857 ad.-

348 921 581 1007 .tonit'i
617 933 849 1006 erant,
898 929 1135 1016 tantae
1175 923 1529 1008 corporum
1563 909 1781 992 moles.
1860 905 2116 984 Fundis
2164 904 2572 1007 sagittisque

273 1110 276 1113 .
309 1062 357 1136 5
382 1048 456 1119 in
477 1041 717 1143 fitgam
750 1037 1147 1137 consternati
1176 1049 1370 1130 sunt:
1411 1030 1680 1135 gladius
1709 1037 1790 1109 in
1821 1036 1959 1110 acie
1994 1027 2385 1109 cruentatus
2419 1051 2571 1102 non
2677 1085 2678 1092 κ

384 1169 471 1268 est
523 1164 792 1243 Gallico
845 1161 1052 1240 bello:
1129 1158 1314 1235 velut
1359 1161 1589 1236 auium
1636 1161 1952 1237 examina
1974 1209 1996 1248 ,
2075 1152 2172 1231 ad
2217 1155 2578 1254 crepitum

315 1299 362 1374 6
380 1296 680 1397 primum
715 1286 1050 1391 miffi'lium
1092 1287 1464 1361 avolavere.

1565 1290 1686 1367 At
1709 1338 1734 1379 ,
1785 1279 2123 1372 Hercule,
2172 1300 2289 1356 nos
2326 1273 2582 1368 iidem,
2677 1287 2678 1290 ‘

389 1509 452 1547 re
487 1492 598 1545 loco
630 1491 924 1553 mitterent,
962 1486 1055 1542 sed
1084 1501 1312 1557 corpora
1337 1500 1440 1538 sua
1496 1489 1700 1559 fugam
1717 1483 2037 1550 consternati
2051 1474 2578 1549 sunt.1ntelligen-

390 1562 537 1614 nuda
563 1561 866 1629 injicerent,
906 1558 1123 1610 obruere
1140 1574 1236 1608 nos
1262 1568 1437 1625 potue·

391 1631 531 1686 rint]
568 1627 891 1698 ltaprimus
914 1625 1093 1678 Frob.
1114 1641 1269 1677 anno
1294 1624 1445 1678 1535.

298 1719 303 1728 ·
397 1697 603 1751 edidit.
657 1702 842 1751 Antea
865 1692 1233 1765 vulgabatur,
1265 1706 1445 1746 utnon

372 1789 376 1800 ·
396 1768 509 1820 tela
526 1785 587 1818 ex
604 1767 880 1839 superiore
897 1763 1003 1813 loco
1023 1765 1318 1824 mitterent,
1356 1757 1447 1811 sed

397 1839 449 1890 εἰ
474 1853 692 1908 corpora
719 1849 818 1884 sua
852 1830 999 1883 nuda
1032 1831 1336 1898 injicerent‚'
1360 1830 1447 1881 ob-

399 1921 552 1959 ruere
582 1923 674 1955 nos
699 1908 1007 1974 potuerunt.
1046 1898 1197 1971 quod
1235 1900 1295 1952 in
1330 1893 1448 1952 uno

401 1973 499 2027 vel
527 1972 715 2026 altero
749 1967 915 2022 codd.
953 1985 1214 2021 meorum
1249 1982 1451 2039 super·

403 2042 500 2096 est.
557 2037 886 2113 Legendum
921 2048 1066 2109 puto
1103 2040 1348 2106 subjecit.
1390 2045 1452 2085 ut

402 2130 507 2167 non
536 2115 645 2164 tela
665 2129 728 2163 ex
746 2110 1014 2180 superiore
1028 2109 1140 2159 Ioco
1153 2111 1448 2168 mitterent,

403 2182 496 2234 sed
536 2195 763 2250 corpora
809 2194 910 2228 sua
949 2176 1095 2227 nuda
1142 2177 1453 2244 injicerent,

410 2253 620 2303 obruere
645 2266 737 2299 nos
760 2256 1060 2314 potuerunt.
1100 2242 1259 2313 quod
1286 2237 1455 2311 prae.

407 2320 527 2373 fert
546 2314 681 2368 cod.
709 2315 865 2384 Meg.
888 2312 1126 2366 etmulti
1156 2324 1455 2370 meorum,

407 2385 529 2440 ⁴nisi
572 2380 732 2455 quod
781 2398 930 2434 unus
974 2396 1173 2436 eorum
1207 2391 1454 2449 potuere,

328 2488 336 2496 ·
413 2456 566 2509 alter
625 2461 913 2520 poterant,
974 2448 1192 2519 legant.
1245 2461 1306 2497 ut
1362 2443 1459 2496 bic

411 2521 662 2598 ponitur
696 2534 808 2588 pro
847 2519 1132 2590 quamvis.
1170 2520 1241 2573 V.
1279 2511 1352 2566 ad
1374 2529 1460 2577 22,

414 2596 505 2657 25,
527 2607 580 2643 2.
619 2588 721 2642 ubi
752 2588 894 2639 olim
918 2597 1052 2640 ante
1082 2588 1350 2641 Gronov.
1384 2583 1459 2635 si-

414 2659 641 2714 militer
671 2656 1047 2728 peccabatur,
1086 2667 1144 2710 et
1172 2652 1245 2708 ad
1267 2653 1353 2715 23,
1374 2668 1461 2718 27,

422 2731 505 2782 ia.
572 2728 793 2780 Eodem
832 2722 1008 2778 modo
1042 2736 1101 2778 ut
1138 2729 1295 2794 jam,
1349 2737 1463 2791 pro

415 2798 560 2852 licet
586 2798 696 2862 iam
718 2830 734 2859 ,
772 2793 1073 2847 inlustrant
1100 2796 1230 2848 Nic.
1262 2794 1461 2844 Heius.

332 2917 339 2944 ι
418 2866 495 2921 ad
522 2866 737 2919 Nason.
765 2880 814 2916 1.
845 2878 912 2914 ex
942 2862 1181 2915 Pone-B
1228 2896 1243 2912 .
1279 2879 1344 2925 7,
1375 2860 1463 2913 51.

421 2947 482 2991 et
530 2933 838 2989 celeberr.
883 2932 1085 2984 Burm.
1132 2949 1161 2984 a
1258 2931 1462 3001 Epigr.

421 3004 660 3065 Ovidii,
700 3001 871 3055 libris
904 2999 1028 3066 ejus
1060 2999 1263 3053 Amor.
1297 3015 1466 3072 prac-

419 3074 668 3128 miss'um.
744 3070 923 3123 Poffet
955 3080 1012 3122 et
1047 3068 1262 3132 lectio,
1365 3083 1470 3121 uae

423 3154 557 3196 ante
575 3140 928 3195 Frobenium
951 3139 1127 3209 vulgo
1144 3137 1343 3193 obtine
1394 3146 1468 3198 at,

423 3212 697 3283 probari,
738 3221 795 3263 et
813 3207 996 3272 credi,
1026 3209 1280 3272 Livium,
1310 3203 1468 3281 qnod

352 3285 358 3290 ’
423 3282 618 3351 priori
667 3278 929 3332 membro
961 3290 1021 3329 ut
1057 3277 1315 3342 dixerat,
1370 3293 1469 3348 po·

423 3351 796 3417 [teriori-per
827 3352 880 3400 si
908 3345 1222 3401 variandae
1254 3346 1473 3400 oratio·

426 3419 522 3476 nis
556 3420 741 3471 caussa
775 3415 1050 3470 extulisse.
1095 3415 1361 3474 Alterum
1392 3423 1472 3467 ta-

426 3505 563 3541 men
599 3487 687 3540 ob,
719 3485 1081 3555 integerrimi
1121 3482 1343 3542 codicis
1378 3499 1477 3537 au-

429 3556 769 3612 ctoritatem
798 3557 1019 3626 recepi.
1304 3560 1318 3576 ³

501 3691 552 3761 §.
583 3698 637 3758 Ζι.
677 3688 851 3763 Prope
869 3691 1132 3744 adtonitae
1151 3700 1327 3749 erant,
1359 3699 1479 3741 tan-

435 3777 521 3817 tae
555 3779 832 3833 corporum
862 3762 1055 3819 moles]
1096 3762 1274 3836 Quam
1300 3755 1481 3810 multa

432 3832 622 3895 bene,
680 3842 793 3884 tam
834 3827 947 3882 hoc
985 3828 1134 3880 male
1180 3836 1480 3895 receptum

442 3903 528 3956 effi
586 3917 654 3953 ex
702 3897 1074 3968 Moguntino.
1145 3895 1367 3963 Scripti
1427 3904 1482 3947 et

432 3972 603 4045 prius
630 3966 772 4022 editi
803 3964 1101 4039 impendio
1126 3963 1481 4034 elegantius:

379 4065 387 4068 “
434 4055 605 4113 prope
633 4039 858 4091 attoniti
892 4046 1074 4097 crann-
1103 4043 1289 4086 tantae
1306 4052 1482 4108 corpo.

440 4126 564 4163 rtem
613 4107 807 4163 metes.-
836 4106 1045 4183 setndt‘s
1079 4102 1394 4173 sagittisque
1428 4105 1487 4160 in

1509 1557 1643 1612 dum
1661 1555 1819 1609 enim
1839 1587 1857 1616 ,
1897 1550 2187 1624 quasiper
2205 1545 2588 1618 epexegesim
2676 1537 2678 1544 ⁴

1511 1625 1728 1680 dictum
1749 1623 1912 1676 ess'et:
1932 1619 2110 1681 Galli,
2133 1627 2323 1671 tantae
2344 1629 2588 1685 corpo-

1511 1713 1642 1750 rum
1671 1693 1887 1754 moles,
1923 1687 2194 1750 attoniti,
2233 1683 2592 1738 consterna-

1501 1765 1584 1826 Ati.
1649 1764 1725 1818 Ut
1761 1762 1823 1816 in
1861 1758 1979 1813 illis
2018 1756 2240 1810 auxilia
2276 1752 2460 1813 irati,
2526 1757 2592 1801 et
2677 1763 2678 1770 ¹

1516 1835 1618 1887 illa
1641 1832 1796 1901 furia
1825 1828 2101 1881 adsecutus
2133 1826 2222 1887 eli.
2265 1823 2338 1876 V.
2371 1818 2452 1872 ad
2489 1834 2590 1887 29,

1525 1920 1606 1957 η.
1662 1901 1716 1954 J.
1751 1898 1869 1951 ΡΒ.
1900 1895 2131 1950 GRON..
2202 1891 2291 1945 An
2321 1902 2593 1961 magnae

1520 1970 1705 2024 moles
1736 1981 2053 2036 corporum
2084 1961 2324 2017 efficere
2359 1967 2591 2029 potue·

1522 2042 1664 2104 rint,
1703 2053 1777 2089 ne
1792 2034 2025 2088 attoniti
2047 2028 2439 2085 redderentur
2458 2024 2594 2077 cla-

1513 2109 1694 2162 dibus
1722 2119 1948 2166 eorum‚
1985 2116 2238 2173 quorum
2266 2098 2423 2150 vires
2443 2094 2597 2160 ‘suis

1522 2178 1698 2249 longe
1724 2171 2063 2243 superiores
2094 2169 2201 2221 ess'e
2236 2174 2478 2232 norant,
2529 2178 2600 2214 a·

1522 2245 1622 2298 liis
1653 2236 2139 2295 considerandum
2167 2235 2473 2304 relinquo.
2523 2229 2597 2285 Si

1524 2311 1709 2367 verba
1727 2312 1809 2365 ita
1826 2308 2268 2378 distinguantur,
2302 2317 2474 2371 prope
2498 2311 2601 2351 at-

1526 2381 1690 2435 toniti
1714 2391 1887 2433 erant.
1940 2377 2134 2429 Tantae
2164 2385 2444 2443 corporum
2478 2384 2599 2418 eno·

1527 2453 1606 2504 les
1609 2449 1757 2517 fund
1763 2452 1812 2502 is
1830 2447 2159 2516 sagittisque
2176 2444 2233 2494 in
2238 2441 2442 2507 fugam
2463 2454 2597 2488 con·

1521 2519 1749 2586 sternati
1779 2530 1928 2579 sunt,
1965 2529 2165 2569 sensus
2194 2526 2312 2561 non
2342 2508 2600 2585 ineptus

1533 2588 1668 2652 erit,
1708 2584 1857 2638 nihil
1891 2584 2082 2636 minus
2115 2582 2441 2649 exspectari
2478 2589 2600 2645 po·
2677 2603 2678 2606 =

1531 2656 1720 2723 tuiss'e,
1759 2669 1934 2725 quam
1960 2659 2233 2704 uttantae
2259 2658 2604 2713 corporum

1531 2724 1717 2778 moles
1746 2732 1859 2774 tam
1885 2720 2062 2774 facile
2087 2717 2159 2770 ab
2179 2714 2299 2767 levi
2328 2718 2604 2766 armatu-

1534 2811 1598 2845 ra
1617 2791 1675 2843 in
1697 2791 1885 2861 sugam
1906 2787 2434 2841 consternarentur.
2455 2779 2605 2833 DU-
2677 2815 2678 2824 ,

1534 2863 1707 2914 RER.
1763 2862 1892 2913 Non
1926 2866 2148 2910 tantum
2181 2853 2439 2906 attonitae
2515 2849 2603 2902 ri-

1538 2929 1614 2981 mi
1644 2927 1954 2983 cdiderunt
1986 2919 2340 2997 Moguntini,
2378 2934 2443 2970 ee
2511 2928 2605 2970 et-

1536 2999 1652 3051 iam
1681 3001 2063 3058 consternatae,
2095 2999 2210 3063 pro
2245 2989 2607 3051 consternati,
2676 2997 2678 3002 ⁴

1540 3084 1608 3119 ex
1639 3067 1773 3123 cod.
1801 3083 1905 3119 suo
1928 3068 2301 3133 receperunt.
2322 3059 2609 3108 attonitae

1542 3136 1713 3188 etiam
1746 3133 2003 3204 superest
2031 3131 2092 3184 in
2119 3126 2323 3183 Lovel.
2349 3143 2401 3177 α.
2437 3126 2494 3179 3.
2542 3133 2608 3178 et

1541 3206 1705 3260 Harl.
1756 3205 2109 3267 consternatae
2162 3196 2218 3247 in
2253 3195 2398 3246 Lov.
2429 3198 2484 3258 4.
2542 3201 2616 3274 ²2

1540 3273 1733 3327 Mead.
1756 3291 1805 3327 α.
1846 3266 2123 3348 Quamvis
2143 3261 2492 3335 Moguntina
2516 3260 2612 3312 le-

1544 3343 1664 3395 ctio
1712 3359 1829 3395 non
1880 3335 2271 3410 displicebat,
2326 3348 2447 3382 non
2506 3340 2606 3384 ta-

1541 3427 1672 3464 men
1713 3418 2008 3479 receptam
2049 3413 2272 3458 mutare
2308 3398 2604 3465 sustinui3

1547 3482 1685 3548 quia
1721 3471 1968 3553 pro'nius
2006 3470 2272 3528 librariis
2307 3467 2473 3522 fuiss'e
2509 3466 2611 3519 vi-

1505 3550 1751 3614 ·detur,
1802 3557 1867 3599 ut
1914 3543 2133 3599 attoniti
2177 3549 2235 3591 et
2281 3535 2609 3600 consternati

1545 3617 1797 3692 propter
1822 3613 2080 3668 additum
2108 3620 2294 3662 tautae
2318 3621 2610 3673 corporum

1548 3689 1711 3741 moles
1736 3687 1795 3737 in
1826 3684 2089 3736 attonitae
2113 3688 2175 3731 et
2204 3675 2607 3740 consternatae,
2677 3669 2678 3676 ’

1551 3772 1722 3829 quam
1737 3762 1967 3817 contra,
1988 3754 2300 3802 mutarent.
2337 3740 2479 3794 Ideo
2498 3757 2604 3791 ve-

1551 3844 1622 3879 ro
1658 3822 1873 3877 Furius
1910 3830 1967 3874 et
2002 3814 2286 3872 Aemilius
2318 3809 2607 3864 fortunae

1552 3887 2605 4024 3333&¹0¹352¹¹2¹2¹m523¹¹22122r3¹135352

1554 4030 1714 4103 quod
1728 4028 1880 4083 Galli
1894 4025 2065 4082 ruina
2084 4016 2452 4076 Hannibalis,
2467 4012 2612 4066 Phi-

1553 4099 1742 4174 lippi,
1787 4093 2064 4154 Antiochi
2112 4106 2299 4165 prope
2349 4082 2604 4140 adtoniti
