2725 4659
597 108 1265 240 mnsam:
1343 113 1558 258 σμ’.
1615 123 1995 267 (mm)
2288 145 2443 248 823
2509 181 2514 185 ·

237 384 454 456 nestra
492 384 1299 456 instructiffimaomnibus
1337 385 1693 452 esculentis
1730 386 2126 452 deseruiss'e:

259 489 429 552 quale
461 465 758 552 adeptum
784 466 1051 544 hostem,
1084 483 1148 531 et
1171 469 1458 553 repertis
1482 467 1995 553 intemperanter
2017 490 2125 532 re-

256 551 509 645 pletum
536 565 952 634 gravemque,
992 549 1267 612 reducto
1300 552 1595 613 exercitu
1621 552 1932 624 Romano,
1969 553 2127 614 'sub-

256 647 360 693 1to
390 651 428 693 o
476 631 754 715 press'um
794 633 944 694 effe.
1015 635 1339 707 Ceterum,
1387 633 1528 696 sive
1556 633 1716 694 haec
1744 632 2004 697 diversa
2036 632 2127 697 est

250 654 553 792 ejusdem
589 711 689 772 rei
722 711 929 796 gestae
961 715 1277 788 narratio,
1325 714 1466 798 sive
1510 712 1632 775 alia
1661 711 1860 797 ⁴plane
1898 737 2007 779 res
2049 736 2125 778 ac

257 793 562 866 victoria,
608 813 750 855 com
800 797 974 858 lures
1010 809 1190 857 certe
1223 797 1503 879 populos
1531 796 1886 870 Gracchus,
1931 811 2123 883 atque
2185 808 2311 867 Liv.
2338 810 2501 889 Epic.
2539 840 2554 866 ι

259 874 427 937 adeo
455 888 650 937 totam
672 880 760 940 Ce
792 878 1148 939 tiberorum
1173 891 1435 961 gentem
1458 877 1847 960 perdomuit.
1895 880 2121 964 Cepis·
2148 879 2259 936 lib·
2288 887 2378 950 41.

259 976 337 1017 se
378 977 524 1018 eum
562 971 627 1019 et
664 960 965 1021 evertiss'e
1001 961 1327 1022 trecentas
1366 980 1444 1020 ex
1480 958 1612 1021 illis
1652 959 1871 1034 urbes,
1923 983 2124 1045 quan·
2186 974 2387 1031 strab,
2416 974 2536 1034 123.

257 1058 451 1121 quam
486 1040 789 1120 Polybius
839 1042 1055 1125 gravis
1110 1042 1178 1101 in
1220 1041 1453 1125 primis
1500 1055 1726 1103 auctor
1770 1056 2120 1116 memorat,
2149 1060 2211 1116 p.
2244 1045 2360 1101 163.
2405 1065 2410 1070 ’

256 1118 434 1180 haud
470 1134 683 1182 tamen
718 1142 842 1205 pro
878 1137 1061 1185 certo
1092 1122 1419 1186 affirmare
1463 1123 1704 1194 ausim,
1766 1124 1895 1184 nisi
1932 1124 1987 1185 si
2016 1119 2142 1188 ιιι-ἶ
2194 1137 2468 1191 Truentus

257 1199 444 1262 bium
486 1204 748 1264 nomine
800 1218 1015 1266 turres
1062 1218 1131 1267 et
1178 1203 1427 1266 castella
1478 1203 1897 1286 intelligenda
1940 1217 2121 1274 suntz
2153 1208 2539 1274 celtiberorum

255 1302 397 1366 quo
421 1284 738 1348 mendacii
761 1283 1005 1368 genere
1028 1300 1099 1348 et
1121 1287 1251 1370 ipsi
1270 1286 1594 1350 bellorum
1617 1284 1839 1359 duces,
1868 1300 1939 1349 et
1960 1287 2121 1349 scri·
2140 1277 2306 1350 ,urbes
2325 1292 2353 1326 ‘¹
2370 1276 2537 1327 ⁶⁷⁸⁶·

218 1428 223 1436 ,
255 1379 490 1449 ptores
536 1386 796 1452 quoque
842 1366 1247 1429 historiarum
1296 1389 1407 1430 res
1456 1364 1659 1452 gestas
1699 1388 2017 1442 exornare
2057 1391 2122 1430 a·
2147 1342 2537 1466 {hb-{aprust-

254 1463 457 1520 mant.
540 1453 694 1510 Nam
728 1449 1043 1533 Hispania
1080 1449 1343 1535 quidem
1382 1449 1565 1510 arido
1601 1462 1666 1524 et
1698 1449 1943 1512 inculto
1982 1452 2124 1513 solo
2152 1429 2335 1536 '23¹⁶'
2349 1428 2542 1467 '⁸⁶⁸⁰'

255 1535 557 1614 magnam
589 1529 848 1592 urbium
869 1531 1348 1594 multitudinem
1372 1533 1549 1594 alere
1574 1551 1706 1593 non
1727 1529 1951 1615 potest.
1992 1535 2126 1595 Re-

255 1626 551 1696 puguant
586 1613 777 1674 etiam
802 1613 1238 1696 Hispanorum
1266 1634 1508 1686 mores,
1553 1612 1611 1675 si
1643 1615 1893 1676 accolas
1928 1613 2130 1678 nostri

258 1694 466 1755 :maris
490 1694 799 1777 excipias,
844 1694 975 1756 feri
997 1694 1431 1780 agrestesque,
1464 1716 1657 1778 quum
1686 1695 1994 1758 civilibus
2019 1718 2132 1757 ur·
2202 1754 2208 1764 ,

259 1773 448 1850 bium
497 1775 927 1840 conventibus
966 1778 1400 1842 mansuetiora
1446 1774 1594 1840 fieri
1633 1777 1884 1838 soleant
1918 1777 2131 1841 homi·

256 1876 419 1918 num
453 1857 735 1940 ingenia.
807 1859 1111 1922 Ceterum
1150 1858 1307 1943 quid
1343 1856 1741 1920 statuendum
1767 1859 1858 1920 sit
1897 1860 1979 1922 de
2011 1882 2130 1921 nu-

259 1957 452 2000 mero
482 1954 590 2001 aut
617 1960 860 2023 genere
883 1940 1141 2001 urbium
1165 1964 1199 2002 a
1224 1939 1615 2023 Sempronio
1644 1954 1969 2023 captarum
1986 1937 2129 2018 (et-
2187 1950 2352 2007 Flor.
2372 1969 2427 2024 a,
2450 1959 2534 2027 νγ.

170 2080 179 2084 -
258 2020 441 2081 enim
478 2021 546 2081 in
580 2042 851 2085 numero
885 2023 1135 2085 variant
1168 2043 1429 2107 quoque
1469 2022 1850 2106 scriptores»,
1885 2037 1950 2083 et
1977 2042 2131 2085 cen·
2187 2046 2529 2119 χήν-,φάψ

261 2115 405 2163 tum
444 2104 906 2189 quinquaginta
950 2104 1099 2179 alii,
1165 2105 1275 2166 alii
1312 2118 1571 2166 centum
1611 2104 1736 2165 tria
1774 2105 2012 2188 oppida
2049 2104 2128 2165 ab

245 2204 352 2246 -eo
388 2198 571 2268 capta
599 2186 1085 2264 memoravere)
1107 2207 1369 2269 magnas
1405 2199 1586 2248 certe
1621 2185 1738 2248 ille
1771 2206 1881 2247 res
1904 2187 2129 2269 gess'it3

178 2323 185 2330 .
254 2275 395 2327 ,nec
428 2265 685 2329 bellicis
716 2280 960 2330 tantum
997 2268 1298 2329 inclaruit
1329 2266 1649 2346 laudibus,
1699 2265 1815 2330 sed
1846 2281 1913 2329 ct
1939 2288 2129 2350 egre-

320 2348 447 2408 'um
489 2368 559 2409 se
596 2350 778 2432 pacis
815 2351 1029 2432 legum
1077 2371 1160 2412 ue
1199 2350 1678 2411 moderatorem
1717 2364 1784 2411 et
1816 2348 2132 2411 arbitrum

320 2429 548 2491 evictis
571 2430 881 2513 gentibus
898 2451 1053 2514 prae
1102 2432 1218 2492 uit.
1257 2436 1436 2493 >Nam
1470 2444 1535 2492 et
1567 2430 1795 2492 divisit
1823 2431 2130 2515 inopibus
2192 2442 2462 2496 Gracchus
2483 2460 2542 2495 e.

266 2505 531 2606 agrum,
576 2526 643 2574 et
678 2514 871 2574 sedes
903 2511 984 2573 ad
1013 2512 1423 2574 habitandum
1457 2514 1589 2574 assi
1683 2514 1850 2586 avit,
1897 2527 1964 2573 et
1997 2533 2131 2575 om·
2155 2512 2370 2581 8⁵28&ss
2392 2513 2546 2581 νηί*

263 2591 465 2654 nibus
514 2613 588 2655 ea
631 2596 773 2656 loca
817 2590 1270 2656 incolentibus
1295 2595 1556 2690 populis
1634 2615 1788 2678 eges
1835 2583 2133 2657 accurate
2158 2582 2544 2656 '‘Sumqu‘*⁰†

265 2673 660 2759 descriptas,
708 2697 787 2738 ex
813 2675 1046 2759 quibus
1077 2675 1143 2736 in
1173 2677 1454 2738 amicitia
1484 2696 1557 2738 ac
1583 2677 1900 2740 societate
1924 2697 2135 2761 popu-
2158 2647 2405 2703 ‘'⁷⁶¹⁰'‘

265 2756 325 2817 li
361 2758 631 2817 Romani
678 2760 1019 2830 viverent,
1080 2757 1227 2819 dato
1272 2771 1674 2842 acceptoque
1715 2757 2137 2841 jurejurando

220 2881 225 2890 -
267 2834 574 2900 firmavit.
622 2840 835 2925 Atque
861 2838 1049 2919 hujus
1082 2840 1343 2924 quidem
1370 2839 1663 2902 foederis
1687 2841 2139 2904 auctoritatem

272 2918 535 3001 saepius
555 2921 926 3005 imploravit
949 2942 1229 3004 sequens
1256 2937 1431 2983 aetas
1456 2922 1521 2984 in
1544 2921 1765 2996 bellis,
1789 2942 1954 3005 quae
1971 2919 2137 3005 post-

270 3019 351 3061 ea
381 3014 520 3062 orta
553 3016 725 3062 sunt.
797 3003 1128 3066 Gracchus
1164 3017 1643 3065 monumentum
1675 3005 1940 3065 virtutis
1980 3023 2136 3086 ope·
2181 3009 2567 3085 Liv.Epit.41.

269 3099 548 3166 rumque
569 3102 832 3144 suorum
859 3085 1280 3146 Gracchurim
1302 3085 1536 3145 urbem
1556 3104 1675 3146 suo
1693 3104 1842 3155 nom
1852 3084 1958 3146 ine
1979 3084 2138 3146 insi-
2233 3104 2452 3160 Festus,

273 3183 469 3247 gnem
499 3164 628 3226 ess'e
656 3165 866 3227 voluit
887 3207 904 3237 ,
964 3186 1124 3248 quae
1161 3180 1341 3226 antea
1373 3166 1628 3226 lllurcis
1665 3165 2135 3227 nominabatur.

271 3244 584 3308 Postumii
621 3266 842 3306 rerum
882 3246 1049 3307 sama
1083 3247 1428 3308 obscurior
1457 3244 1567 3308 est.
1615 3248 1894 3311 Vaccaei
1925 3262 2138 3310 tamen
2184 3234 2567 3343 fiiv,13p12,41,

273 3324 355 3389 ab
382 3348 462 3390 eo
493 3342 559 3389 et
582 3327 878 3390 Lusitani
907 3328 1154 3394 subacti
1184 3343 1352 3399 sunt,
1401 3342 1465 3389 et
1490 3328 1908 3412 quadraginta
1934 3343 2013 3391 ex
2033 3329 2137 3391 his

271 3431 364 3495 po
415 3410 538 3471 ulis
568 3408 900 3472 hominum
932 3410 1131 3471 millia
1164 3410 1521 3472 interfecti.
1568 3411 1690 3472 His
1719 3410 1916 3472 rebus
1947 3409 2137 3493 gestis
2199 3405 2551 3475 01⁰⁸·42200

270 3514 372 3553 am
423 3514 484 3565 ο,
527 3492 1023 3555 advenientibus
1039 3493 1299 3554 success'
1295 3492 1518 3553 oribus
1542 3492 1866 3554 exercitus
1890 3512 1964 3554 ac
1983 3513 2137 3577 pro—

271 3574 523 3637 vincias
544 3596 736 3658 quum
757 3573 1180 3646 tradidiss'ent‚
1199 3573 1275 3634 ad
1296 3572 1691 3657 triumphum
1711 3573 2139 3644 decess'erunt.

360 3655 544 3735 (IV.)
586 3660 656 3717 ln
690 3657 897 3719 Gallia
927 3658 1205 3718 Manlius
1245 3655 1495 3727 con-sul,
1545 3657 1651 3716 cui
1690 3675 1762 3715 ea
1797 3657 2139 3739 provincia

273 3737 655 3813 obvenerat,
677 3760 870 3835 quum
890 3735 1219 3822 triumpho
1240 3736 1506 3800 materia
1526 3735 1787 3809 deess'et,
1809 3736 2083 3800 oblatam
2106 3759 2142 3800 a
2201 3747 2307 3802 Res
2337 3750 2512 3817 gestae
2581 3803 2590 3812 ,

274 3819 537 3883 fortuna
557 3819 716 3882 belh
737 3819 1046 3881 adversus
1063 3819 1253 3881 Istros
1274 3815 1581 3880 movendi
1602 3817 2008 3881 occasionem
2027 3841 2140 3883 cu·
2169 3817 2376 3871 Manus·
2401 3820 2522 3873 θοῖ-

269 3902 427 3998 pide
448 3905 774 3986 amplexus
794 3897 898 3963 est.
914 3901 1187 3963 Aetolos
1210 3897 1463 3985 pridem
1482 3897 1801 3964 bellantes
1821 3921 2011 3986 quum
2029 3900 2142 3962 ad-
2200 3910 2359 3976 Flor.
2381 3929 2435 3980 s,
2460 3928 2546 3967 ιο.

265 3981 742 4067 Juviss‘entlstri,
757 4003 969 4067 nuper
987 4004 1245 4080 quoque
1264 3982 1629 4046 tumultuati
1648 3984 1922 4045 fuerant.
1941 3985 2141 4057 Prae-
2200 4005 2329 4061 mv,
2355 4008 2510 4063 infra

265 4080 414 4155 erat
429 4078 565 4130 tum
585 4067 718 4129 illis
737 4064 988 4130 ferocis
1007 4061 1258 4149 nigenii
1278 4085 1394 4128 rex
1411 4065 1691 4150 Aepulo,
1716 4064 1828 4152 qui
1847 4063 2142 4152 gentem]
2170 4093 2255 4132 ea
2269 4093 2314 4132 ι.
2330 4077 2567 4133 etFlor.

2219 2138 2485 2213 Appias.
2507 2167 2521 2192 x

2186 2233 2351 2292 lber.

2176 3541 2378 3597 Livius
2400 3540 2556 3599 infra
2633 3603 2644 3618 x

2166 3627 2219 3666 c.
2238 3630 2296 3681 7.
